<record><leader>00000cas a22000007a 4500</leader><controlfield tag="001">2257474</controlfield><controlfield tag="008">760620d189u1926pauwr ne      0    0ukrod</controlfield><datafield ind1=" " ind2=" " tag="010"><subfield code="a">sn 85054875 </subfield></datafield><datafield ind1=" " ind2=" " tag="040"><subfield code="a">PIT</subfield><subfield code="b">eng</subfield><subfield code="c">PIT</subfield><subfield code="d">NPH</subfield><subfield code="d">OCLCQ</subfield><subfield code="d">OCLCO</subfield></datafield><datafield ind1="1" ind2=" " tag="029"><subfield code="a">AU@</subfield><subfield code="b">000025801946</subfield></datafield><datafield ind1=" " ind2=" " tag="042"><subfield code="a">msc</subfield></datafield><datafield ind1="0" ind2="0" tag="245"><subfield code="a">Amerykanskii&#774; russkii&#774; vi&#770;stnyk&#698;</subfield></datafield><datafield ind1=" " ind2=" " tag="250"><subfield code="a">[Russian ed.].</subfield></datafield><datafield ind1=" " ind2=" " tag="260"><subfield code="a">Skrenton&#698;, Pa. :</subfield><subfield code="b">Soedynenie Hr. Kaf. Bratstv&#698;</subfield></datafield><datafield ind1=" " ind2=" " tag="300"><subfield code="a">v. :</subfield><subfield code="b">ill.</subfield></datafield><datafield ind1=" " ind2=" " tag="310"><subfield code="a">Weekly</subfield></datafield><datafield ind1="0" ind2=" " tag="362"><subfield code="a">-H. 35, no. 51 (Dec. 30, 1926).</subfield></datafield><datafield ind1=" " ind2=" " tag="500"><subfield code="a">Published in New York, N.Y., &lt;July 14, 1904&gt;; in Pittsburgh, Pa., &lt;Jan. 17, 1907&gt;; in Homestead, Pa., &lt;Oct. 31, 1907-&gt;.</subfield></datafield><datafield ind1=" " ind2=" " tag="515"><subfield code="a">Suspended Aug. 1904-Jan. 1907.</subfield></datafield><datafield ind1=" " ind2=" " tag="546"><subfield code="a">In Ruthenian.</subfield></datafield><datafield ind1=" " ind2=" " tag="550"><subfield code="a">Official organ of the Greek Catholic Union of the U.S.A.</subfield></datafield><datafield ind1=" " ind2=" " tag="580"><subfield code="a">Issued with Amerikansky Russky viestnik from &lt;Jan. 2, 1894&gt; to Feb. 7, 1895.</subfield></datafield><datafield ind1=" " ind2=" " tag="580"><subfield code="a">Issued also in a Slovak edition called Amerikansky Russky viestnik.</subfield></datafield><datafield ind1=" " ind2=" " tag="588"><subfield code="a">Description based on: H. 3, chis. 1 (Jan. 2, 1894).</subfield></datafield><datafield ind1="2" ind2=" " tag="710"><subfield code="a">Greek Catholic Union of the U.S.A.</subfield></datafield><datafield ind1=" " ind2=" " tag="752"><subfield code="a">United States</subfield><subfield code="b">Pennsylvania</subfield><subfield code="c">Lackawanna</subfield><subfield code="d">Scranton.</subfield></datafield><datafield ind1=" " ind2=" " tag="752"><subfield code="a">United States</subfield><subfield code="b">New York</subfield><subfield code="c">New York</subfield><subfield code="d">New York.</subfield></datafield><datafield ind1=" " ind2=" " tag="752"><subfield code="a">United States</subfield><subfield code="b">Pennsylvania</subfield><subfield code="c">Allegheny</subfield><subfield code="d">Pittsburgh.</subfield></datafield><datafield ind1=" " ind2=" " tag="752"><subfield code="a">United States</subfield><subfield code="b">Pennsylvania</subfield><subfield code="c">Allegheny</subfield><subfield code="d">Homestead.</subfield></datafield><datafield ind1="1" ind2=" " tag="787"><subfield code="t">Amerikansky Russky viestnik</subfield><subfield code="w">(OCoLC)2257475</subfield></datafield></record>